@article{Hebeler:2020ocj,
      author         = "Hebeler, Kai",
      title          = "{Three-Nucleon Forces: Implementation and Applications to
                        Atomic Nuclei and Dense Matter}",
      year           = "2020",
      eprint         = "2002.09548",
      archivePrefix  = "arXiv",
      primaryClass   = "nucl-th",
      SLACcitation   = "%%CITATION = ARXIV:2002.09548;%%"
}
