@article{Ruiz:2016gne,
      author         = "Garcia Ruiz, R. F. and others",
      title          = "{Unexpectedly large charge radii of neutron-rich calcium
                        isotopes}",
      journal        = "Nature Phys.",
      volume         = "12",
      year           = "2016",
      pages          = "594",
      doi            = "10.1038/nphys3645",
      eprint         = "1602.07906",
      archivePrefix  = "arXiv",
      primaryClass   = "nucl-ex",
      SLACcitation   = "%%CITATION = ARXIV:1602.07906;%%"
}
